<?xml version="1.0" encoding="UTF-8"?><collection xmlns="http://www.loc.gov/MARC21/slim"><record><leader>00469nam--2200157-i-4500</leader><controlfield tag="001">000038464</controlfield><controlfield tag="002">20161230</controlfield><controlfield tag="005">20161230201041</controlfield><controlfield tag="008">060222s1000------------r-----000-0-eng-d</controlfield><datafield ind1=" " ind2=" " tag="080"><subfield code="a">539.12.162.8:539.1</subfield></datafield><datafield ind1=" " ind2=" " tag="100"><subfield code="a">Renner, B</subfield></datafield><datafield ind1=" " ind2=" " tag="245"><subfield code="a">Current algebras and their applications</subfield></datafield><datafield ind1=" " ind2=" " tag="260"><subfield code="a">Oxford, Pergamon Press, 1968, Xiv + 177p</subfield></datafield><datafield ind1=" " ind2=" " tag="490"><subfield code="a">INTERNATIONAL SERIES OF MONOGRAPHS IN NATURAL PHILOSOPHY Vol. 12</subfield></datafield><datafield ind1=" " ind2=" " tag="852"><subfield code="a">31480</subfield><subfield code="c">512</subfield></datafield><datafield ind1=" " ind2=" " tag="CAT"><subfield code="a">Sys</subfield><subfield code="c">20080508</subfield><subfield code="h">140650</subfield></datafield></record></collection>